{
  "ChatGPT": [
    {
      "symbol": "CLSK",
      "side": "sell",
      "qty": 28.0,
      "price": 12.75,
      "timestamp": "2026-01-15T20:57:20.962368+00:00",
      "type": "stop",
      "id": "da51e0bd-ae9b-4480-8459-871af47bbc64"
    },
    {
      "symbol": "CLSK",
      "side": "buy",
      "qty": 28.0,
      "price": 12.976786,
      "timestamp": "2026-01-15T14:40:54.874132+00:00",
      "type": "limit",
      "id": "6783ea52-c0dc-4030-bd61-0273a0e7641a"
    },
    {
      "symbol": "APLD",
      "side": "buy",
      "qty": 3.0,
      "price": 35.06,
      "timestamp": "2026-01-14T14:40:22.611469+00:00",
      "type": "limit",
      "id": "9858edd4-78fa-496d-b88f-bd2a8176233e"
    },
    {
      "symbol": "NTLA",
      "side": "buy",
      "qty": 6.0,
      "price": 11.38,
      "timestamp": "2026-01-13T14:45:10.425287+00:00",
      "type": "limit",
      "id": "dac893ae-2afb-4af4-9deb-7060d6384414"
    },
    {
      "symbol": "SOUN",
      "side": "buy",
      "qty": 8.0,
      "price": 11.54,
      "timestamp": "2026-01-13T14:31:08.984051+00:00",
      "type": "limit",
      "id": "dfe06fed-d262-44a3-a8e6-dda362966ba3"
    },
    {
      "symbol": "RXRX",
      "side": "buy",
      "qty": 14.0,
      "price": 4.7,
      "timestamp": "2026-01-13T14:45:25.853493+00:00",
      "type": "limit",
      "id": "305c2b36-93fc-4f7c-a730-9c768eaf815f"
    },
    {
      "symbol": "NVAX",
      "side": "buy",
      "qty": 14.0,
      "price": 7.44,
      "timestamp": "2026-01-09T14:30:57.781671+00:00",
      "type": "limit",
      "id": "3983b3db-595c-4613-9857-ad66bb6bdf78"
    },
    {
      "symbol": "AQST",
      "side": "sell",
      "qty": 23.0,
      "price": 4.011739,
      "timestamp": "2026-01-09T14:31:36.126867+00:00",
      "type": "market",
      "id": "569eae5d-5072-4e96-b6f6-1d6a94b74266"
    },
    {
      "symbol": "UAA",
      "side": "buy",
      "qty": 14.0,
      "price": 5.78,
      "timestamp": "2026-01-09T15:03:17.200752+00:00",
      "type": "limit",
      "id": "596b932a-33d7-4b91-ba0f-fda7e2f3ac77"
    },
    {
      "symbol": "RIVN",
      "side": "sell",
      "qty": 18.0,
      "price": 18.73,
      "timestamp": "2026-01-07T14:58:41.890834+00:00",
      "type": "stop",
      "id": "afcb9c52-37ec-4517-b6b3-fd888a5fd47c"
    },
    {
      "symbol": "RIVN",
      "side": "buy",
      "qty": 18.0,
      "price": 18.74,
      "timestamp": "2026-01-07T14:58:41.507808+00:00",
      "type": "limit",
      "id": "8e658c3e-5ef2-4c81-8e51-046530939d89"
    },
    {
      "symbol": "AQST",
      "side": "buy",
      "qty": 23.0,
      "price": 6.45,
      "timestamp": "2026-01-05T14:33:38.269778+00:00",
      "type": "limit",
      "id": "5efb9c63-324d-47ac-89e0-b661eaa70354"
    }
  ],
  "Gemini": [
    {
      "symbol": "LCID",
      "side": "sell",
      "qty": 24.0,
      "price": 10.93625,
      "timestamp": "2026-01-14T14:41:21.482137+00:00",
      "type": "market",
      "id": "f6330550-6d40-44e7-baa6-195012654fec"
    },
    {
      "symbol": "SOUN",
      "side": "sell",
      "qty": 19.0,
      "price": 10.85,
      "timestamp": "2026-01-14T14:35:29.022877+00:00",
      "type": "stop",
      "id": "ceaed2ec-d5c1-4c6e-900b-2abe3b34c142"
    },
    {
      "symbol": "SOUN",
      "side": "buy",
      "qty": 19.0,
      "price": 11.25,
      "timestamp": "2026-01-13T14:58:57.358247+00:00",
      "type": "limit",
      "id": "5111370d-3a54-4616-82c9-37a72989887c"
    },
    {
      "symbol": "LCID",
      "side": "buy",
      "qty": 24.0,
      "price": 11.2925,
      "timestamp": "2026-01-13T14:31:35.461244+00:00",
      "type": "limit",
      "id": "b0411738-79e5-4cbd-bc2e-14e7d4a87683"
    },
    {
      "symbol": "ENVX",
      "side": "sell",
      "qty": 16.0,
      "price": 7.78,
      "timestamp": "2026-01-12T14:32:35.879776+00:00",
      "type": "stop",
      "id": "6941ad63-84d0-471a-aac7-2040b3f7dbd5"
    },
    {
      "symbol": "ENVX",
      "side": "buy",
      "qty": 16.0,
      "price": 7.83875,
      "timestamp": "2026-01-12T14:32:11.754012+00:00",
      "type": "limit",
      "id": "6541f3d1-5ebc-4012-95ed-49ef09d82202"
    },
    {
      "symbol": "RIOT",
      "side": "buy",
      "qty": 13.0,
      "price": 15.25,
      "timestamp": "2026-01-09T20:00:28.320399+00:00",
      "type": "limit",
      "id": "e711b985-43b3-4c14-931c-273d615561db"
    },
    {
      "symbol": "UPST",
      "side": "buy",
      "qty": 4.0,
      "price": 50.1,
      "timestamp": "2026-01-09T14:49:07.161832+00:00",
      "type": "limit",
      "id": "9a64e234-453d-46e4-9e36-03033754d7db"
    },
    {
      "symbol": "SEDG",
      "side": "sell",
      "qty": 9.0,
      "price": 31.42,
      "timestamp": "2026-01-08T16:34:54.277257+00:00",
      "type": "market",
      "id": "ee3cb4ea-35b5-43e4-ad28-bca5bf76c7dc"
    },
    {
      "symbol": "RIVN",
      "side": "sell",
      "qty": 18.0,
      "price": 18.74,
      "timestamp": "2026-01-07T15:02:50.504682+00:00",
      "type": "stop",
      "id": "63689517-d74b-41cb-bd39-6c1fddc82321"
    },
    {
      "symbol": "RIVN",
      "side": "buy",
      "qty": 18.0,
      "price": 18.74,
      "timestamp": "2026-01-07T15:02:48.429773+00:00",
      "type": "limit",
      "id": "c3fe46cf-7f58-4fa0-a5f0-e5206feb8d63"
    },
    {
      "symbol": "SEDG",
      "side": "buy",
      "qty": 9.0,
      "price": 31.38,
      "timestamp": "2026-01-06T14:45:51.215940+00:00",
      "type": "limit",
      "id": "8277c47a-0c8b-4c78-a53e-cdc8e88c0b26"
    },
    {
      "symbol": "WOLF",
      "side": "sell",
      "qty": 7.0,
      "price": 18.74,
      "timestamp": "2026-01-06T14:34:14.248146+00:00",
      "type": "market",
      "id": "8bba24c8-4bfa-43e1-b410-a99fa05de526"
    },
    {
      "symbol": "WOLF",
      "side": "buy",
      "qty": 7.0,
      "price": 18.93,
      "timestamp": "2026-01-05T16:59:23.739662+00:00",
      "type": "limit",
      "id": "de302077-2db4-46fb-8683-526da863e970"
    }
  ],
  "Claude": [
    {
      "symbol": "RXRX",
      "side": "buy",
      "qty": 34.0,
      "price": 4.75,
      "timestamp": "2026-01-13T14:37:30.988584+00:00",
      "type": "limit",
      "id": "a1fee62d-c7eb-4eeb-a07d-61ab176778ce"
    },
    {
      "symbol": "AQST",
      "side": "sell",
      "qty": 37.0,
      "price": 4.028649,
      "timestamp": "2026-01-09T14:31:18.635735+00:00",
      "type": "market",
      "id": "21205f4d-0bdc-438f-9dc8-9f907182e937"
    },
    {
      "symbol": "AQST",
      "side": "buy",
      "qty": 37.0,
      "price": 6.25,
      "timestamp": "2026-01-06T14:34:54.942758+00:00",
      "type": "limit",
      "id": "3e657d28-a212-47f3-8836-90e79bb1020c"
    }
  ],
  "Perplexity": [
    {
      "symbol": "APLD",
      "side": "sell",
      "qty": 3.0,
      "price": 36.88,
      "timestamp": "2026-01-09T16:50:19.327151+00:00",
      "type": "limit",
      "id": "1b7a20ed-2fdd-43c9-8821-6b9f02866854"
    },
    {
      "symbol": "APLD",
      "side": "buy",
      "qty": 3.0,
      "price": 28.94,
      "timestamp": "2026-01-06T17:04:00.610775+00:00",
      "type": "limit",
      "id": "d42fc320-d332-433a-850f-3938c92562ee"
    }
  ]
}