{
  "ChatGPT": [
    {
      "symbol": "NTLA",
      "side": "sell",
      "qty": 11.0,
      "price": 12.75,
      "timestamp": "2026-03-19T14:21:59.235633+00:00",
      "type": "stop",
      "id": "b032faf3-a52d-48ae-896f-459cd4f20008"
    },
    {
      "symbol": "HIMS",
      "side": "buy",
      "qty": 3.0,
      "price": 24.5,
      "timestamp": "2026-03-17T13:31:16.640521+00:00",
      "type": "limit",
      "id": "ae299e7f-c6bf-4c27-a36a-f58efc145134"
    },
    {
      "symbol": "ANAB",
      "side": "sell",
      "qty": 2.0,
      "price": 64.22,
      "timestamp": "2026-03-13T15:33:19.409581+00:00",
      "type": "market",
      "id": "63a8eda6-d80a-4752-aa69-c0dbe837585a"
    },
    {
      "symbol": "ACHC",
      "side": "sell",
      "qty": 16.0,
      "price": 24.16,
      "timestamp": "2026-03-13T15:33:16.870090+00:00",
      "type": "market",
      "id": "89e8d3be-4372-4ba3-93f5-c34b925fec87"
    },
    {
      "symbol": "REPL",
      "side": "sell",
      "qty": 25.0,
      "price": 7.57,
      "timestamp": "2026-03-12T14:45:42.800586+00:00",
      "type": "market",
      "id": "ddf17a20-b3e9-4ff0-999b-883709d59199"
    },
    {
      "symbol": "IOVA",
      "side": "sell",
      "qty": 43.0,
      "price": 3.667674,
      "timestamp": "2026-03-19T13:34:07.074951+00:00",
      "type": "stop",
      "id": "7decf24f-b546-44dc-a2ce-ff0198d0592d"
    },
    {
      "symbol": "REPL",
      "side": "buy",
      "qty": 25.0,
      "price": 8.08,
      "timestamp": "2026-03-11T13:33:22.919221+00:00",
      "type": "limit",
      "id": "6ef411db-80ca-492d-b7ed-9d1d1407b215"
    },
    {
      "symbol": "NTLA",
      "side": "buy",
      "qty": 11.0,
      "price": 13.16,
      "timestamp": "2026-03-06T17:17:01.679502+00:00",
      "type": "limit",
      "id": "d6f6c2ec-5250-4b8a-aa9c-9118e38ed28f"
    },
    {
      "symbol": "ANAB",
      "side": "buy",
      "qty": 2.0,
      "price": 53.46,
      "timestamp": "2026-03-03T19:28:33.668152+00:00",
      "type": "limit",
      "id": "423fc33a-9693-4fb2-bbf8-c0f9abea114f"
    },
    {
      "symbol": "WULF",
      "side": "sell",
      "qty": 13.0,
      "price": 16.786154,
      "timestamp": "2026-02-27T14:40:50.289825+00:00",
      "type": "stop",
      "id": "8106f1df-748f-4237-8372-663d1beb087c"
    },
    {
      "symbol": "WULF",
      "side": "buy",
      "qty": 13.0,
      "price": 18.0,
      "timestamp": "2026-02-26T14:36:44.406272+00:00",
      "type": "limit",
      "id": "4345f195-9f39-4543-b827-0930d9e2cb90"
    },
    {
      "symbol": "PCT",
      "side": "sell",
      "qty": 15.0,
      "price": 8.78,
      "timestamp": "2026-02-23T14:39:07.319947+00:00",
      "type": "stop",
      "id": "33a3d5eb-4995-4aa8-a1f0-304ab25e4809"
    },
    {
      "symbol": "PCT",
      "side": "buy",
      "qty": 15.0,
      "price": 8.99,
      "timestamp": "2026-02-19T17:29:40.445477+00:00",
      "type": "limit",
      "id": "4749a496-02c7-4d0b-9225-1a4c225c9c61"
    },
    {
      "symbol": "IOVA",
      "side": "buy",
      "qty": 43.0,
      "price": 2.71,
      "timestamp": "2026-02-19T14:33:11.813791+00:00",
      "type": "limit",
      "id": "d0ba0461-94a3-47b5-b32c-059ba443a04e"
    },
    {
      "symbol": "ACHC",
      "side": "buy",
      "qty": 16.0,
      "price": 16.31,
      "timestamp": "2026-02-20T14:44:34.959272+00:00",
      "type": "limit",
      "id": "fa6511b1-48ae-4729-954e-b7303e823b8b"
    },
    {
      "symbol": "APLD",
      "side": "sell",
      "qty": 3.0,
      "price": 35.256667,
      "timestamp": "2026-02-03T14:47:10.137510+00:00",
      "type": "market",
      "id": "e4812ab4-5258-4ebe-8f78-8a36375ea221"
    },
    {
      "symbol": "NVAX",
      "side": "sell",
      "qty": 14.0,
      "price": 8.74,
      "timestamp": "2026-02-03T14:47:07.198287+00:00",
      "type": "market",
      "id": "6b61851a-e43b-4ace-b7ee-b88c0fc1a9fc"
    },
    {
      "symbol": "UAA",
      "side": "sell",
      "qty": 14.0,
      "price": 6.27,
      "timestamp": "2026-02-03T14:47:06.709769+00:00",
      "type": "market",
      "id": "a3aec3c0-fc28-46ea-8cff-11fe79ffe6f2"
    },
    {
      "symbol": "SLS",
      "side": "sell",
      "qty": 29.0,
      "price": 4.06,
      "timestamp": "2026-01-28T18:53:52.660433+00:00",
      "type": "stop",
      "id": "28289833-5d02-4cc8-b90e-92a019e6ed4e"
    }
  ],
  "Gemini": [
    {
      "symbol": "UPST",
      "side": "buy",
      "qty": 5.0,
      "price": 27.37,
      "timestamp": "2026-03-24T13:31:53.279118+00:00",
      "type": "limit",
      "id": "cca1c486-06de-4fe0-93ab-da40085d93f3"
    },
    {
      "symbol": "TDOC",
      "side": "buy",
      "qty": 22.0,
      "price": 5.4,
      "timestamp": "2026-03-19T13:32:17.861597+00:00",
      "type": "limit",
      "id": "8ccc197b-e736-4c63-bc6b-3e4e91f65811"
    },
    {
      "symbol": "TVTX",
      "side": "sell",
      "qty": 5.0,
      "price": 27.98,
      "timestamp": "2026-03-17T16:06:30.966528+00:00",
      "type": "market",
      "id": "1b9486c0-0964-4c4e-9f90-0294793982a0"
    },
    {
      "symbol": "REPL",
      "side": "sell",
      "qty": 11.0,
      "price": 6.98,
      "timestamp": "2026-03-17T19:53:40.498789+00:00",
      "type": "stop",
      "id": "279b44b7-14a6-4858-97ee-3fa8646034b7"
    },
    {
      "symbol": "TVTX",
      "side": "buy",
      "qty": 5.0,
      "price": 27.41,
      "timestamp": "2026-03-13T15:32:13.205771+00:00",
      "type": "limit",
      "id": "81f64b26-f01b-491e-9503-fc63412ff25d"
    },
    {
      "symbol": "TVTX",
      "side": "sell",
      "qty": 9.0,
      "price": 27.19,
      "timestamp": "2026-03-12T14:36:06.654952+00:00",
      "type": "stop",
      "id": "70dea601-a79d-4761-8820-75d850b49f02"
    },
    {
      "symbol": "TVTX",
      "side": "buy",
      "qty": 9.0,
      "price": 28.245555,
      "timestamp": "2026-03-12T13:34:27.015024+00:00",
      "type": "limit",
      "id": "4d49de01-d4f0-4412-9a61-7f510c5b2ec0"
    },
    {
      "symbol": "REPL",
      "side": "buy",
      "qty": 11.0,
      "price": 8.06,
      "timestamp": "2026-03-11T13:34:38.665420+00:00",
      "type": "limit",
      "id": "2cac459e-8f59-4686-8e18-81ac29a7a721"
    },
    {
      "symbol": "TVTX",
      "side": "sell",
      "qty": 8.0,
      "price": 27.81,
      "timestamp": "2026-03-05T15:05:22.076317+00:00",
      "type": "stop",
      "id": "19c5d614-cf77-4820-9c16-059df3c0b293"
    },
    {
      "symbol": "TVTX",
      "side": "buy",
      "qty": 8.0,
      "price": 28.22,
      "timestamp": "2026-03-04T15:40:31.642656+00:00",
      "type": "limit",
      "id": "4f027f99-2361-46db-84f3-0bf83d0417d5"
    },
    {
      "symbol": "REPL",
      "side": "sell",
      "qty": 14.0,
      "price": 7.7,
      "timestamp": "2026-02-26T20:28:19.957571+00:00",
      "type": "stop",
      "id": "56c05a46-f9c1-4047-aae9-261836689be8"
    },
    {
      "symbol": "REPL",
      "side": "buy",
      "qty": 14.0,
      "price": 8.37,
      "timestamp": "2026-02-23T17:39:27.248911+00:00",
      "type": "limit",
      "id": "d85d4fd4-45e8-45a5-a125-d54298be2618"
    },
    {
      "symbol": "SMCI",
      "side": "sell",
      "qty": 4.0,
      "price": 31.245,
      "timestamp": "2026-02-12T15:42:09.507095+00:00",
      "type": "stop",
      "id": "30430d6c-cffa-4639-aad0-f28aecc7b950"
    },
    {
      "symbol": "SMCI",
      "side": "buy",
      "qty": 4.0,
      "price": 33.34,
      "timestamp": "2026-02-09T14:32:04.011683+00:00",
      "type": "limit",
      "id": "aa7b5cda-7621-46d4-8c3c-082c3cc7aac0"
    },
    {
      "symbol": "GME",
      "side": "buy",
      "qty": 12.0,
      "price": 24.878334,
      "timestamp": "2026-02-09T14:34:30.926136+00:00",
      "type": "limit",
      "id": "84cb7808-394b-4a4e-a3bc-605d2c8f754f"
    },
    {
      "symbol": "APLD",
      "side": "sell",
      "qty": 3.0,
      "price": 29.28,
      "timestamp": "2026-02-05T17:10:55.804326+00:00",
      "type": "stop",
      "id": "c72024fc-1b80-4c84-b3d6-ace875f751cc"
    },
    {
      "symbol": "APLD",
      "side": "buy",
      "qty": 3.0,
      "price": 29.9,
      "timestamp": "2026-02-05T16:29:24.953717+00:00",
      "type": "limit",
      "id": "5da9afeb-2517-4733-8ffb-f883df6ec91f"
    },
    {
      "symbol": "RXRX",
      "side": "sell",
      "qty": 30.0,
      "price": 4.21,
      "timestamp": "2026-02-03T15:09:42.532025+00:00",
      "type": "market",
      "id": "2f7343dd-2a5d-467c-9053-5fa577909a7a"
    },
    {
      "symbol": "RXRX",
      "side": "buy",
      "qty": 30.0,
      "price": 4.22,
      "timestamp": "2026-01-30T18:27:59.720867+00:00",
      "type": "limit",
      "id": "f3004136-714c-421b-809c-c570b1895392"
    }
  ],
  "Claude": [
    {
      "symbol": "HIMS",
      "side": "sell",
      "qty": 5.0,
      "price": 22.1,
      "timestamp": "2026-03-24T13:31:40.170846+00:00",
      "type": "market",
      "id": "c5d9c7d0-51be-4cff-b5a6-8dc75c4d08b8"
    },
    {
      "symbol": "SEDG",
      "side": "buy",
      "qty": 1.0,
      "price": 46.5,
      "timestamp": "2026-03-24T13:31:08.162650+00:00",
      "type": "limit",
      "id": "9f74852e-6848-4939-9154-79c48737145c"
    },
    {
      "symbol": "IOVA",
      "side": "sell",
      "qty": 16.0,
      "price": 3.50625,
      "timestamp": "2026-03-24T13:41:26.744905+00:00",
      "type": "stop",
      "id": "880017e2-cf2b-4194-a4e6-dce0f0a864ae"
    },
    {
      "symbol": "ACHC",
      "side": "buy",
      "qty": 5.0,
      "price": 22.904,
      "timestamp": "2026-03-17T13:32:25.090086+00:00",
      "type": "limit",
      "id": "8d3d7807-ab2b-4c2a-a7ed-d77889718bca"
    },
    {
      "symbol": "VKTX",
      "side": "buy",
      "qty": 3.0,
      "price": 34.9,
      "timestamp": "2026-03-18T13:39:57.489516+00:00",
      "type": "limit",
      "id": "4e4055f4-1ac5-439d-b782-08a032b9e145"
    },
    {
      "symbol": "NTLA",
      "side": "sell",
      "qty": 4.0,
      "price": 12.87,
      "timestamp": "2026-03-13T15:33:03.725155+00:00",
      "type": "market",
      "id": "be4aa779-0029-4339-9eeb-fd6e41bcf593"
    },
    {
      "symbol": "LUNR",
      "side": "sell",
      "qty": 7.0,
      "price": 17.0,
      "timestamp": "2026-03-16T14:49:00.340384+00:00",
      "type": "stop",
      "id": "25fc1e76-2e40-420d-9721-e1e8ef76f56b"
    },
    {
      "symbol": "HIMS",
      "side": "buy",
      "qty": 5.0,
      "price": 25.978,
      "timestamp": "2026-03-12T13:35:00.051296+00:00",
      "type": "limit",
      "id": "767945cf-c209-42e5-9dbf-a4365648f83e"
    },
    {
      "symbol": "NTLA",
      "side": "buy",
      "qty": 4.0,
      "price": 13.79,
      "timestamp": "2026-03-10T17:38:25.962833+00:00",
      "type": "limit",
      "id": "fa6e7d84-3c3b-4717-8ca2-19edb2be64d6"
    },
    {
      "symbol": "MPT",
      "side": "sell",
      "qty": 29.0,
      "price": 5.19,
      "timestamp": "2026-03-11T13:34:47.104832+00:00",
      "type": "stop",
      "id": "4350c016-2054-4fd4-acda-7659cf043ce8"
    },
    {
      "symbol": "LUNR",
      "side": "buy",
      "qty": 7.0,
      "price": 18.17,
      "timestamp": "2026-03-06T17:17:12.663643+00:00",
      "type": "limit",
      "id": "f81d23e0-b8df-4733-9828-4aee5a6141c7"
    },
    {
      "symbol": "NVAX",
      "side": "sell",
      "qty": 10.0,
      "price": 9.64,
      "timestamp": "2026-03-06T17:17:10.855853+00:00",
      "type": "stop",
      "id": "3f0b3fa1-73f2-4bd6-be7d-790297568b58"
    },
    {
      "symbol": "IOVA",
      "side": "buy",
      "qty": 16.0,
      "price": 3.773125,
      "timestamp": "2026-03-04T14:32:56.703192+00:00",
      "type": "limit",
      "id": "ecce5e7d-37bd-4b43-b564-14ae20d432c9"
    },
    {
      "symbol": "SMCI",
      "side": "sell",
      "qty": 8.0,
      "price": 30.9,
      "timestamp": "2026-03-03T19:10:19.823622+00:00",
      "type": "stop",
      "id": "fc94388f-0532-4cb1-b74e-42f361d55d4f"
    },
    {
      "symbol": "SMCI",
      "side": "buy",
      "qty": 8.0,
      "price": 31.045,
      "timestamp": "2026-03-03T19:02:44.426647+00:00",
      "type": "limit",
      "id": "2671e2be-66fd-42db-83d7-e828bd8e9b8e"
    },
    {
      "symbol": "MPT",
      "side": "buy",
      "qty": 29.0,
      "price": 5.761379,
      "timestamp": "2026-02-26T14:34:12.561995+00:00",
      "type": "limit",
      "id": "f04f56d5-8f69-4d61-99bc-5827096fb7b7"
    },
    {
      "symbol": "WULF",
      "side": "sell",
      "qty": 4.0,
      "price": 14.49,
      "timestamp": "2026-03-03T15:22:21.155172+00:00",
      "type": "stop",
      "id": "f0f414a2-8b8a-4d8c-88e7-7286792e8fe5"
    },
    {
      "symbol": "ENPH",
      "side": "sell",
      "qty": 3.0,
      "price": 43.676667,
      "timestamp": "2026-02-27T14:34:27.482754+00:00",
      "type": "stop",
      "id": "34d75f05-d391-4fdc-9e9f-d1ce88a06fda"
    }
  ],
  "Perplexity": [
    {
      "symbol": "VKTX",
      "side": "sell",
      "qty": 4.0,
      "price": 31.49,
      "timestamp": "2026-03-20T19:47:28.778725+00:00",
      "type": "stop",
      "id": "673778dd-9940-4dcc-a3f9-2bb69d350270"
    },
    {
      "symbol": "VKTX",
      "side": "buy",
      "qty": 4.0,
      "price": 36.59,
      "timestamp": "2026-03-13T14:01:30.566602+00:00",
      "type": "limit",
      "id": "7c8285f7-22fb-42a4-b507-3aa1f507c17c"
    },
    {
      "symbol": "IBRX",
      "side": "sell",
      "qty": 4.0,
      "price": 8.02,
      "timestamp": "2026-03-12T14:44:51.242062+00:00",
      "type": "market",
      "id": "3c34d303-6ac1-45ca-93ff-4c424ef19fc8"
    },
    {
      "symbol": "RUN",
      "side": "sell",
      "qty": 12.0,
      "price": 18.505834,
      "timestamp": "2026-02-02T14:34:48.582396+00:00",
      "type": "stop",
      "id": "fe75ac17-d530-4e40-897f-12999175c0b7"
    },
    {
      "symbol": "NTLA",
      "side": "sell",
      "qty": 3.0,
      "price": 13.0,
      "timestamp": "2026-02-02T14:33:19.787571+00:00",
      "type": "market",
      "id": "8d4163ac-13de-4b89-8293-e95d7f58256a"
    },
    {
      "symbol": "VERA",
      "side": "sell",
      "qty": 3.0,
      "price": 43.65,
      "timestamp": "2026-01-30T18:17:27.456746+00:00",
      "type": "market",
      "id": "50a54027-10d0-4cb3-bbcc-c3c8f54c529b"
    },
    {
      "symbol": "RUN",
      "side": "buy",
      "qty": 12.0,
      "price": 19.5,
      "timestamp": "2026-01-29T15:51:05.358956+00:00",
      "type": "limit",
      "id": "87bb4c3f-6479-4254-88bb-a7ba50a2a18b"
    },
    {
      "symbol": "NTLA",
      "side": "buy",
      "qty": 3.0,
      "price": 14.24,
      "timestamp": "2026-01-26T14:31:07.031777+00:00",
      "type": "limit",
      "id": "1f831d1d-ee62-40f2-9111-7a38323e061c"
    },
    {
      "symbol": "IBRX",
      "side": "buy",
      "qty": 4.0,
      "price": 6.18,
      "timestamp": "2026-01-21T15:36:29.243312+00:00",
      "type": "limit",
      "id": "61017e08-84f6-4b65-ab47-436d4cb47ebf"
    },
    {
      "symbol": "VERA",
      "side": "buy",
      "qty": 3.0,
      "price": 45.716667,
      "timestamp": "2026-01-20T14:33:44.860166+00:00",
      "type": "limit",
      "id": "e208781c-e020-4dc0-9ad7-e5c43ba5c3b9"
    },
    {
      "symbol": "APLD",
      "side": "sell",
      "qty": 3.0,
      "price": 36.88,
      "timestamp": "2026-01-09T16:50:19.327151+00:00",
      "type": "limit",
      "id": "1b7a20ed-2fdd-43c9-8821-6b9f02866854"
    },
    {
      "symbol": "APLD",
      "side": "buy",
      "qty": 3.0,
      "price": 28.94,
      "timestamp": "2026-01-06T17:04:00.610775+00:00",
      "type": "limit",
      "id": "d42fc320-d332-433a-850f-3938c92562ee"
    }
  ]
}