{
  "ChatGPT": [
    {
      "symbol": "PCT",
      "side": "buy",
      "qty": 15.0,
      "price": 8.99,
      "timestamp": "2026-02-19T17:29:40.445476973+00:00",
      "type": "limit",
      "id": "4749a496-02c7-4d0b-9225-1a4c225c9c61"
    },
    {
      "symbol": "IOVA",
      "side": "buy",
      "qty": 43.0,
      "price": 2.71,
      "timestamp": "2026-02-19T14:33:11.813791+00:00",
      "type": "limit",
      "id": "d0ba0461-94a3-47b5-b32c-059ba443a04e"
    },
    {
      "symbol": "APLD",
      "side": "sell",
      "qty": 3.0,
      "price": 35.256667,
      "timestamp": "2026-02-03T14:47:10.137510+00:00",
      "type": "market",
      "id": "e4812ab4-5258-4ebe-8f78-8a36375ea221"
    },
    {
      "symbol": "NVAX",
      "side": "sell",
      "qty": 14.0,
      "price": 8.74,
      "timestamp": "2026-02-03T14:47:07.198287+00:00",
      "type": "market",
      "id": "6b61851a-e43b-4ace-b7ee-b88c0fc1a9fc"
    },
    {
      "symbol": "UAA",
      "side": "sell",
      "qty": 14.0,
      "price": 6.27,
      "timestamp": "2026-02-03T14:47:06.709769+00:00",
      "type": "market",
      "id": "a3aec3c0-fc28-46ea-8cff-11fe79ffe6f2"
    },
    {
      "symbol": "SLS",
      "side": "sell",
      "qty": 29.0,
      "price": 4.06,
      "timestamp": "2026-01-28T18:53:52.660433+00:00",
      "type": "stop",
      "id": "28289833-5d02-4cc8-b90e-92a019e6ed4e"
    },
    {
      "symbol": "RXRX",
      "side": "sell",
      "qty": 14.0,
      "price": 4.444286,
      "timestamp": "2026-01-28T19:29:41.664730+00:00",
      "type": "stop",
      "id": "c563927f-ab93-43ac-96df-6a5a43ce4861"
    },
    {
      "symbol": "CLSK",
      "side": "sell",
      "qty": 14.0,
      "price": 12.74,
      "timestamp": "2026-01-26T14:32:53.630990+00:00",
      "type": "stop",
      "id": "6b973f25-8399-4c45-9ec8-bd24de3b7348"
    },
    {
      "symbol": "CLSK",
      "side": "buy",
      "qty": 14.0,
      "price": 13.0,
      "timestamp": "2026-01-26T14:31:19.909537+00:00",
      "type": "limit",
      "id": "63a541e9-218d-46eb-9a9d-4c567dcd4970"
    },
    {
      "symbol": "SMCI",
      "side": "sell",
      "qty": 7.0,
      "price": 31.41,
      "timestamp": "2026-01-26T14:30:38.798209+00:00",
      "type": "market",
      "id": "2653f0c7-96b8-45c8-a4e9-161f2ea1a000"
    },
    {
      "symbol": "SMCI",
      "side": "buy",
      "qty": 7.0,
      "price": 32.0,
      "timestamp": "2026-01-21T16:31:11.479701+00:00",
      "type": "limit",
      "id": "7ded684f-9a17-4a5d-b165-b251cbeba374"
    },
    {
      "symbol": "SLS",
      "side": "buy",
      "qty": 29.0,
      "price": 3.83,
      "timestamp": "2026-01-20T14:31:42.233623+00:00",
      "type": "limit",
      "id": "1b618cb2-d653-48ff-924c-68fb9bf3868c"
    },
    {
      "symbol": "SOUN",
      "side": "sell",
      "qty": 8.0,
      "price": 10.53,
      "timestamp": "2026-01-20T14:33:17.672689+00:00",
      "type": "market",
      "id": "f53c25f8-65a5-4565-b283-2ec308b6e806"
    },
    {
      "symbol": "NTLA",
      "side": "sell",
      "qty": 6.0,
      "price": 12.49,
      "timestamp": "2026-01-16T16:05:15.481899+00:00",
      "type": "market",
      "id": "65a5892e-79d6-4115-9942-5365bd20d55b"
    },
    {
      "symbol": "CLSK",
      "side": "sell",
      "qty": 28.0,
      "price": 12.75,
      "timestamp": "2026-01-15T20:57:20.962368+00:00",
      "type": "stop",
      "id": "da51e0bd-ae9b-4480-8459-871af47bbc64"
    },
    {
      "symbol": "CLSK",
      "side": "buy",
      "qty": 28.0,
      "price": 12.976786,
      "timestamp": "2026-01-15T14:40:54.874132+00:00",
      "type": "limit",
      "id": "6783ea52-c0dc-4030-bd61-0273a0e7641a"
    },
    {
      "symbol": "APLD",
      "side": "buy",
      "qty": 3.0,
      "price": 35.06,
      "timestamp": "2026-01-14T14:40:22.611469+00:00",
      "type": "limit",
      "id": "9858edd4-78fa-496d-b88f-bd2a8176233e"
    },
    {
      "symbol": "NTLA",
      "side": "buy",
      "qty": 6.0,
      "price": 11.38,
      "timestamp": "2026-01-13T14:45:10.425287+00:00",
      "type": "limit",
      "id": "dac893ae-2afb-4af4-9deb-7060d6384414"
    },
    {
      "symbol": "SOUN",
      "side": "buy",
      "qty": 8.0,
      "price": 11.54,
      "timestamp": "2026-01-13T14:31:08.984051+00:00",
      "type": "limit",
      "id": "dfe06fed-d262-44a3-a8e6-dda362966ba3"
    },
    {
      "symbol": "RXRX",
      "side": "buy",
      "qty": 14.0,
      "price": 4.7,
      "timestamp": "2026-01-13T14:45:25.853493+00:00",
      "type": "limit",
      "id": "305c2b36-93fc-4f7c-a730-9c768eaf815f"
    }
  ],
  "Gemini": [
    {
      "symbol": "SMCI",
      "side": "sell",
      "qty": 4.0,
      "price": 31.245,
      "timestamp": "2026-02-12T15:42:09.507095+00:00",
      "type": "stop",
      "id": "30430d6c-cffa-4639-aad0-f28aecc7b950"
    },
    {
      "symbol": "SMCI",
      "side": "buy",
      "qty": 4.0,
      "price": 33.34,
      "timestamp": "2026-02-09T14:32:04.011683+00:00",
      "type": "limit",
      "id": "aa7b5cda-7621-46d4-8c3c-082c3cc7aac0"
    },
    {
      "symbol": "GME",
      "side": "buy",
      "qty": 12.0,
      "price": 24.878334,
      "timestamp": "2026-02-09T14:34:30.926136+00:00",
      "type": "limit",
      "id": "84cb7808-394b-4a4e-a3bc-605d2c8f754f"
    },
    {
      "symbol": "APLD",
      "side": "sell",
      "qty": 3.0,
      "price": 29.28,
      "timestamp": "2026-02-05T17:10:55.804326+00:00",
      "type": "stop",
      "id": "c72024fc-1b80-4c84-b3d6-ace875f751cc"
    },
    {
      "symbol": "APLD",
      "side": "buy",
      "qty": 3.0,
      "price": 29.9,
      "timestamp": "2026-02-05T16:29:24.953717+00:00",
      "type": "limit",
      "id": "5da9afeb-2517-4733-8ffb-f883df6ec91f"
    },
    {
      "symbol": "RXRX",
      "side": "sell",
      "qty": 30.0,
      "price": 4.21,
      "timestamp": "2026-02-03T15:09:42.532025+00:00",
      "type": "market",
      "id": "2f7343dd-2a5d-467c-9053-5fa577909a7a"
    },
    {
      "symbol": "RXRX",
      "side": "buy",
      "qty": 30.0,
      "price": 4.22,
      "timestamp": "2026-01-30T18:27:59.720867+00:00",
      "type": "limit",
      "id": "f3004136-714c-421b-809c-c570b1895392"
    },
    {
      "symbol": "BBAI",
      "side": "sell",
      "qty": 41.0,
      "price": 5.75,
      "timestamp": "2026-01-29T14:56:14.814308+00:00",
      "type": "stop",
      "id": "d07e15f3-0d27-4275-b80e-998313afe512"
    },
    {
      "symbol": "BBAI",
      "side": "buy",
      "qty": 41.0,
      "price": 5.886098,
      "timestamp": "2026-01-29T14:33:06.271841+00:00",
      "type": "limit",
      "id": "b2ac3257-18a9-4cea-ba87-d33f73500d64"
    },
    {
      "symbol": "CORZ",
      "side": "sell",
      "qty": 10.0,
      "price": 19.32,
      "timestamp": "2026-01-29T14:32:02.033501+00:00",
      "type": "market",
      "id": "64ce5c11-65b6-4d2b-b154-e9a4924ab16f"
    },
    {
      "symbol": "CLSK",
      "side": "sell",
      "qty": 30.0,
      "price": 12.35,
      "timestamp": "2026-01-26T15:40:04.933371+00:00",
      "type": "stop",
      "id": "1f22173f-f451-43c1-86c9-7741c8db456d"
    },
    {
      "symbol": "CLSK",
      "side": "buy",
      "qty": 30.0,
      "price": 12.85,
      "timestamp": "2026-01-21T16:24:00.369733+00:00",
      "type": "limit",
      "id": "b796139b-0b6c-47fa-8e50-f02ba9a49b27"
    },
    {
      "symbol": "RIOT",
      "side": "sell",
      "qty": 13.0,
      "price": 16.496923,
      "timestamp": "2026-01-26T14:50:04.593979+00:00",
      "type": "stop",
      "id": "4fdab6e8-a335-482e-acb5-d0ab78fab514"
    },
    {
      "symbol": "CORZ",
      "side": "buy",
      "qty": 10.0,
      "price": 18.184,
      "timestamp": "2026-01-20T14:34:37.353910+00:00",
      "type": "limit",
      "id": "8b27fdbb-b885-4da9-8f2c-77c2bafb3937"
    },
    {
      "symbol": "WULF",
      "side": "sell",
      "qty": 13.0,
      "price": 13.14,
      "timestamp": "2026-01-20T15:03:03.045177+00:00",
      "type": "stop",
      "id": "677fd1b8-d8a5-4ac2-a51d-c94b11e77375"
    },
    {
      "symbol": "WULF",
      "side": "buy",
      "qty": 13.0,
      "price": 13.648462,
      "timestamp": "2026-01-16T14:32:28.581576+00:00",
      "type": "limit",
      "id": "ede45c19-d40e-4641-ae36-a6a9c8779e09"
    },
    {
      "symbol": "LCID",
      "side": "sell",
      "qty": 24.0,
      "price": 10.93625,
      "timestamp": "2026-01-14T14:41:21.482137+00:00",
      "type": "market",
      "id": "f6330550-6d40-44e7-baa6-195012654fec"
    },
    {
      "symbol": "SOUN",
      "side": "sell",
      "qty": 19.0,
      "price": 10.85,
      "timestamp": "2026-01-14T14:35:29.022877+00:00",
      "type": "stop",
      "id": "ceaed2ec-d5c1-4c6e-900b-2abe3b34c142"
    },
    {
      "symbol": "SOUN",
      "side": "buy",
      "qty": 19.0,
      "price": 11.25,
      "timestamp": "2026-01-13T14:58:57.358247+00:00",
      "type": "limit",
      "id": "5111370d-3a54-4616-82c9-37a72989887c"
    },
    {
      "symbol": "LCID",
      "side": "buy",
      "qty": 24.0,
      "price": 11.2925,
      "timestamp": "2026-01-13T14:31:35.461244+00:00",
      "type": "limit",
      "id": "b0411738-79e5-4cbd-bc2e-14e7d4a87683"
    }
  ],
  "Claude": [
    {
      "symbol": "NVAX",
      "side": "buy",
      "qty": 10.0,
      "price": 8.64,
      "timestamp": "2026-02-17T16:16:41.284154+00:00",
      "type": "limit",
      "id": "defcea7a-4295-4dc3-b6b7-274443a1d99a"
    },
    {
      "symbol": "APLD",
      "side": "buy",
      "qty": 3.0,
      "price": 34.196667,
      "timestamp": "2026-02-17T14:32:53.553644+00:00",
      "type": "limit",
      "id": "c2bb807a-b45d-4993-91e2-f629e2545d57"
    },
    {
      "symbol": "WULF",
      "side": "buy",
      "qty": 4.0,
      "price": 16.1975,
      "timestamp": "2026-02-10T14:32:54.568633+00:00",
      "type": "limit",
      "id": "7f1fdb75-8687-4957-940f-d555f8d6a4b3"
    },
    {
      "symbol": "ENPH",
      "side": "buy",
      "qty": 3.0,
      "price": 49.453333,
      "timestamp": "2026-02-09T14:35:44.601556+00:00",
      "type": "limit",
      "id": "7a82570a-d676-49b0-b058-0030e8efefa2"
    },
    {
      "symbol": "NVAX",
      "side": "sell",
      "qty": 6.0,
      "price": 7.84,
      "timestamp": "2026-02-05T20:32:31.822220+00:00",
      "type": "stop",
      "id": "9f466d80-b730-4ddf-9191-91b3ab5c17a0"
    },
    {
      "symbol": "NVAX",
      "side": "buy",
      "qty": 6.0,
      "price": 9.325,
      "timestamp": "2026-01-23T14:32:26.078247+00:00",
      "type": "limit",
      "id": "9f7bc27f-2158-443b-894a-ab6778ff68bd"
    },
    {
      "symbol": "BBAI",
      "side": "sell",
      "qty": 34.0,
      "price": 5.75,
      "timestamp": "2026-01-21T15:28:10.595072+00:00",
      "type": "stop",
      "id": "dcfc085b-fc25-465b-b50e-c54337b571a3"
    },
    {
      "symbol": "BBAI",
      "side": "buy",
      "qty": 34.0,
      "price": 5.89,
      "timestamp": "2026-01-20T14:35:53.540173+00:00",
      "type": "limit",
      "id": "93385f31-f9b5-4e4b-a12c-3f61c4b708ec"
    },
    {
      "symbol": "RXRX",
      "side": "sell",
      "qty": 34.0,
      "price": 4.4,
      "timestamp": "2026-01-20T20:38:46.663702+00:00",
      "type": "stop",
      "id": "b296cbff-1db2-4598-b74a-f719096c2dc1"
    },
    {
      "symbol": "RXRX",
      "side": "buy",
      "qty": 34.0,
      "price": 4.75,
      "timestamp": "2026-01-13T14:37:30.988584+00:00",
      "type": "limit",
      "id": "a1fee62d-c7eb-4eeb-a07d-61ab176778ce"
    },
    {
      "symbol": "AQST",
      "side": "sell",
      "qty": 37.0,
      "price": 4.028649,
      "timestamp": "2026-01-09T14:31:18.635735+00:00",
      "type": "market",
      "id": "21205f4d-0bdc-438f-9dc8-9f907182e937"
    },
    {
      "symbol": "AQST",
      "side": "buy",
      "qty": 37.0,
      "price": 6.25,
      "timestamp": "2026-01-06T14:34:54.942758+00:00",
      "type": "limit",
      "id": "3e657d28-a212-47f3-8836-90e79bb1020c"
    }
  ],
  "Perplexity": [
    {
      "symbol": "RUN",
      "side": "sell",
      "qty": 12.0,
      "price": 18.505834,
      "timestamp": "2026-02-02T14:34:48.582396+00:00",
      "type": "stop",
      "id": "fe75ac17-d530-4e40-897f-12999175c0b7"
    },
    {
      "symbol": "NTLA",
      "side": "sell",
      "qty": 3.0,
      "price": 13.0,
      "timestamp": "2026-02-02T14:33:19.787571+00:00",
      "type": "market",
      "id": "8d4163ac-13de-4b89-8293-e95d7f58256a"
    },
    {
      "symbol": "VERA",
      "side": "sell",
      "qty": 3.0,
      "price": 43.65,
      "timestamp": "2026-01-30T18:17:27.456746+00:00",
      "type": "market",
      "id": "50a54027-10d0-4cb3-bbcc-c3c8f54c529b"
    },
    {
      "symbol": "RUN",
      "side": "buy",
      "qty": 12.0,
      "price": 19.5,
      "timestamp": "2026-01-29T15:51:05.358956+00:00",
      "type": "limit",
      "id": "87bb4c3f-6479-4254-88bb-a7ba50a2a18b"
    },
    {
      "symbol": "NTLA",
      "side": "buy",
      "qty": 3.0,
      "price": 14.24,
      "timestamp": "2026-01-26T14:31:07.031777+00:00",
      "type": "limit",
      "id": "1f831d1d-ee62-40f2-9111-7a38323e061c"
    },
    {
      "symbol": "IBRX",
      "side": "buy",
      "qty": 4.0,
      "price": 6.18,
      "timestamp": "2026-01-21T15:36:29.243312+00:00",
      "type": "limit",
      "id": "61017e08-84f6-4b65-ab47-436d4cb47ebf"
    },
    {
      "symbol": "VERA",
      "side": "buy",
      "qty": 3.0,
      "price": 45.716667,
      "timestamp": "2026-01-20T14:33:44.860166+00:00",
      "type": "limit",
      "id": "e208781c-e020-4dc0-9ad7-e5c43ba5c3b9"
    },
    {
      "symbol": "APLD",
      "side": "sell",
      "qty": 3.0,
      "price": 36.88,
      "timestamp": "2026-01-09T16:50:19.327151+00:00",
      "type": "limit",
      "id": "1b7a20ed-2fdd-43c9-8821-6b9f02866854"
    },
    {
      "symbol": "APLD",
      "side": "buy",
      "qty": 3.0,
      "price": 28.94,
      "timestamp": "2026-01-06T17:04:00.610775+00:00",
      "type": "limit",
      "id": "d42fc320-d332-433a-850f-3938c92562ee"
    }
  ]
}